@book{hawking1988,
  title     = "A Brief History of Time: From the {B}ig {B}ang to Black Holes",
  author    = "Hawking, Stephen",
  year      = 1988,
  publisher = "Bantam",
  address   = "London"
}

@online{choosealicense,
  title     = "MIT License",
  author    = "Github, Inc",
  url       = "https://choosealicense.com/licenses/mit/",
  url-date  = {2022-01-10}
}
